@misc{eICU2024,
	author       = {eICU Collaborative Research Database},
	title        = {eICU Collaborative Research Database},
	year         = 2024,
	url          = {https://eicu-crd.mit.edu/about/eicu/},
	note         = {Accessed: 2024-11-14},
	howpublished = {\url{https://eicu-crd.mit.edu/about/eicu/}},
}

@misc{depab2024,
	author       = {Diegodepab},
	title        = {Almac√©n UCI Sanitaria},
	year         = 2024,
	url          = {https://github.com/Diegodepab/almacen_UCI_Sanitaria},
	note         = {Accessed: 2024-11-14},
	howpublished = {\url{https://github.com/Diegodepab/almacen_UCI_Sanitaria}},
}
